@Article{Ritter2024,
  author    = {Ritter, Marc K. and N\'u\~nez Fern\'andez, Yuriel and Wallerberger, Markus and von Delft, Jan and Shinaoka, Hiroshi and Waintal, Xavier},
  journal   = {Phys. Rev. Lett.},
  title     = {Quantics Tensor Cross Interpolation for High-Resolution Parsimonious Representations of Multivariate Functions},
  year      = {2024},
  month     = {Jan},
  pages     = {056501},
  volume    = {132},
  doi       = {10.1103/PhysRevLett.132.056501},
  file      = {:VonDelft/Ritter2023.pdf},
  issue     = {5},
  numpages  = {6},
  owner     = {vondelft},
  publisher = {American Physical Society},
  timestamp = {2023.03.23},
  url       = {https://link.aps.org/doi/10.1103/PhysRevLett.132.056501},
  _note      = {arXiv:2303.11819 [physics.comp-ph]},
}
@Article{Lee2021,
  title = {Computing Local Multipoint Correlators Using the Numerical Renormalization Group},
  author = {Lee, Seung-Sup B. and Kugler, Fabian B. and von Delft, Jan},
  journal = {Phys. Rev. X},
  volume = {11},
  issue = {4},
  pages = {041007},
  numpages = {40},
  year = {2021},
  month = {Oct},
  publisher = {American Physical Society},
  doi = {10.1103/PhysRevX.11.041007},
  url = {https://link.aps.org/doi/10.1103/PhysRevX.11.041007}
}

@Article{Kugler2021,
  title = {Multipoint Correlation Functions: Spectral Representation and Numerical Evaluation},
  author = {Kugler, Fabian B. and Lee, Seung-Sup B. and von Delft, Jan},
  journal = {Phys. Rev. X},
  volume = {11},
  issue = {4},
  pages = {041006},
  numpages = {32},
  year = {2021},
  month = {Oct},
  publisher = {American Physical Society},
  doi = {10.1103/PhysRevX.11.041006},
  url = {https://link.aps.org/doi/10.1103/PhysRevX.11.041006}
}

@Article{Lee2024,
  title = {Symmetric improved estimators for multipoint vertex functions},
  author = {Lihm, Jae-Mo and Halbinger, Johannes and Shim, Jeongmin and von Delft, Jan and Kugler, Fabian B. and Lee, Seung-Sup B.},
  journal = {Phys. Rev. B},
  volume = {109},
  issue = {12},
  pages = {125138},
  numpages = {32},
  year = {2024},
  month = {Mar},
  publisher = {American Physical Society},
  doi = {10.1103/PhysRevB.109.125138},
  url = {https://link.aps.org/doi/10.1103/PhysRevB.109.125138}
}

@Article{Fernandez2024,
   author        = {Yuriel N\'u\~nez Fern\'andez and Marc K. Ritter and
Matthieu Jeannin and Jheng-Wei Li and Thomas Kloss and Thibaud Louvet
and Satoshi Terasaki and Olivier Parcollet and Jan von Delft and Hiroshi
Shinaoka and Xavier Waintal},
   year          = {2025},
   title         = {Learning tensor networks with tensor cross
interpolation: new algorithms and libraries},
   journal       = {SciPost Phys.},
   volume        = {18},
   pages         = {104},
   doi           = {10.21468/SciPostPhys.18.3.104},
   url           = {https://scipost.org/SciPostPhys.18.3.104}
}
